<record><leader>00000cas a2200000 a 4500</leader><controlfield tag="001">37313734</controlfield><controlfield tag="008">970717d19281929vtuwx n       0    0eng c</controlfield><datafield ind1=" " ind2=" " tag="010"><subfield code="a">sn 97067504 </subfield></datafield><datafield ind1=" " ind2=" " tag="040"><subfield code="a">NVN</subfield><subfield code="b">eng</subfield><subfield code="c">NVN</subfield><subfield code="d">OCLCQ</subfield><subfield code="d">OCLCF</subfield><subfield code="d">OCLCO</subfield></datafield><datafield ind1="1" ind2=" " tag="029"><subfield code="a">AU@</subfield><subfield code="b">000013409229</subfield></datafield><datafield ind1=" " ind2=" " tag="042"><subfield code="a">pcc</subfield></datafield><datafield ind1=" " ind2=" " tag="043"><subfield code="a">n-us-vt</subfield></datafield><datafield ind1="0" ind2="0" tag="245"><subfield code="a">Bellows Falls Monday nite.</subfield></datafield><datafield ind1="1" ind2="3" tag="246"><subfield code="a">Bellows Falls Monday night</subfield></datafield><datafield ind1=" " ind2=" " tag="260"><subfield code="a">Bellows Falls, Vt. :</subfield><subfield code="b">Vermont Newspaper Corp.,</subfield><subfield code="c">1928-1929.</subfield></datafield><datafield ind1=" " ind2=" " tag="300"><subfield code="a">v.</subfield></datafield><datafield ind1=" " ind2=" " tag="310"><subfield code="a">Weekly</subfield></datafield><datafield ind1="0" ind2=" " tag="362"><subfield code="a">Vol. 1, no. 1 (Aug. 20, 1928)-v. 1, no. 21 (Jan. 28, 1929).</subfield></datafield><datafield ind1=" " ind2="0" tag="651"><subfield code="a">Bellows Falls (Vt.)</subfield><subfield code="v">Newspapers.</subfield></datafield><datafield ind1=" " ind2="7" tag="655"><subfield code="a">Newspapers.</subfield><subfield code="2">fast</subfield><subfield code="0">(OCoLC)fst01423814</subfield></datafield><datafield ind1=" " ind2="7" tag="651"><subfield code="a">Vermont</subfield><subfield code="z">Bellows Falls.</subfield><subfield code="2">fast</subfield><subfield code="0">(OCoLC)fst01222430</subfield></datafield><datafield ind1=" " ind2=" " tag="752"><subfield code="a">United States</subfield><subfield code="b">Vermont</subfield><subfield code="c">Windham</subfield><subfield code="d">Bellows Falls.</subfield></datafield><datafield ind1="0" ind2="0" tag="785"><subfield code="t">Monday nite</subfield><subfield code="w">(DLC)sn 97067503</subfield><subfield code="w">(OCoLC)37313642</subfield></datafield></record>